@InProceedings{krovetz-deane-madnani-mwe2011,
  author    = {Bob Krovetz and Paul Deane and Nitin Madnani},
  title     = {{The Web is not a PERSON, Berners-Lee is not an ORGANIZATION, and African-Americans are not LOCATIONS: An Analysis of the Performance of Named-Entity Recognition}},
  booktitle = {Proceedings of the ACL Workshop on Multiword Expressions: From Parsing and Generation to the Real World},
  month     = {June},
  year      = {2011},
  address   = {Portland, USA},
}
