@inproceedings{Burstein:LangMuse:2017,
 author = {Burstein, Jill and Madnani, Nitin and Sabatini, John and McCaffrey, Dan and Biggers, Kietha and Dreier, Kelsey},
 title = {Generating Language Activities in Real-Time for English Learners Using Language Muse},
 booktitle = {Proceedings of the Fourth (2017) ACM Conference on Learning @ Scale},
 year = {2017},
 pages = {213--215},
 doi = {10.1145/3051457.3053988},
}
