@InProceedings{madnani-tetreault-chodorow-bea-2012,
  author    = {Nitin Madnani and Joel Tetreault and Martin Chodorow},
  title     = {{Exploring Grammatical Error Correction with Not-So-Crummy Machine Translation.}},
  booktitle = {Proceedings of the NAACL Workshop on Innovative Use of NLP for Building Educational Applications},
  month     = {June},
  year      = {2012},
  address   = {Montr√©al, Canada},
}
