@InProceedings{klebanov-burstein-madnani-cicling2012,
author = {Beata {Beigman Klebanov} and Jill Burstein and Nitin Madnani and Adam Faulkner and Joel Tetreault},
title = {Building Sentiment Lexicon(s) from Scratch for Essay Data},
booktitle = {Proceedings of the 13th International Conference on Intelligent Text Processing and Computational Linguistics (CICLing)},
month = {March},
year = {2012},
address = {New Delhi, India},
}
