@article{
 author = {Nitin Madnani},
 title = {Getting Started on Natural Language Processing with Python},
 journal = {ACM Crossroads},
 volume = {13},
 number = {4},
 year = {2007},
 publisher = {ACM Press},
 address = {New York, NY, USA},
}

