@INPROCEEDINGS{Madnani_etal_DUC2007,
   author = "Nitin Madnani and David Zajic and Bonnie Dorr and Necip Fazil Ayan and Jimmy Lin",
   title = "Multiple Alternative Sentence Compressions for Automatic Text Summarization",
   booktitle = "Proceedings of the 2007 Document Understanding Conference (DUC-2007) at NLT/NAACL 2007",
   year = 2007,
   address = "New York",
}

