@InProceedings{madnanienlg07,
  author    = {Nitin Madnani, Rebecca Passonneau, Necip Fazil Ayan, John Conroy, Bonnie Dorr, Judith Klavans, Dianne O'Leary and Judith Schlesinger},
  title     = {Measuring Variability in Sentence Ordering for News Summarization},
  booktitle = {Proceedings of the 11th European Workshop on Natural Language Generation},
  month     = {June},
  year      = {2007},
  address   = {Dagstuhl, Germany},
  publisher = {Association for Computational Linguistics},
}


