@article{
 author = {Michael Heilman and Nitin Madnani},
 title = {Topical Trends in a Corpus of Persuasive Writing},
 journal = {ETS Research Report Series},
 number = {RR-12-19},
 year = {2012},
 publisher = {Educational Testing Service},
 address = {Princeton, NJ, USA},
}

