@article{doi:10.1002/ets2.12202,
    author = {Nitin Madnani and Aoife Cahill and Daniel Blanchard and Slava Andreyev and Diane Napolitano and Binod Gyawali and Michael Heilman and Chong Min Lee and Chee Wee Leong and Matthew Mulholland and Brian Riordan},
    title = {A Robust Microservice Architecture for Scaling Automated Scoring Applications},
    journal = {ETS Research Report Series},
    volume = {2018},
    number = {1},
    keywords = {Automated scoring, machine learning, Apache Storm, microservices},
    doi = {10.1002/ets2.12202},
    url = {https://onlinelibrary.wiley.com/doi/abs/10.1002/ets2.12202},
    eprint = {https://onlinelibrary.wiley.com/doi/pdf/10.1002/ets2.12202}
}

