@article{doi:10.1002/ets2.12183,
    author = {Su‐Youn Yoon and Chong Min Lee and Patrick Houghton and Melissa Lopez and Jennifer Sakano and Anastassia Loukina and Bob Krovetz and Chi Lu and Nitin Madnani},
    title = {Analyzing Item Generation with Natural Language Processing Tools for the TOEIC® Listening Test},
    journal = {ETS Research Report Series},
    volume = {2017},
    number = {1},
    keywords = {TOEIC Listening test, item generation, automated assistive tools for item generation, natural language processing, survey},
    doi = {10.1002/ets2.12183},
    url = {https://onlinelibrary.wiley.com/doi/abs/10.1002/ets2.12183},
    eprint = {https://onlinelibrary.wiley.com/doi/pdf/10.1002/ets2.12183}
}
