@inproceedings{
 author = {Nitin Madnani},
 title = {iBLEU: Interactively Debugging & Scoring Statistical Machine Translation Systems},
 booktitle = {Proceedings of the Fifth IEEE International Conference on Semantic Computing},
 month = {September},
 year = {2011},
 publisher = {IEEE Computer Society Publishing}}

