@InProceedings{lin-madnani-dorr-naacl2010,
  author    = {Jimmy Lin and Nitin Madnani and Bonnie J. Dorr},
  title     = {Putting the User in the Loop: Interactive Maximal Marginal Relevance for Query-Focused Summarization},
  booktitle = {Proceedings of the 11th Annual HLT/NAACL Conference},
  month     = {June},
  year      = {2010},
  address   = {Los Angeles, USA},
}


