@article{Burstein-jwa-wm-2018,
    author = {Jill Burstein and Norbert Elliot and Beata Beigman Klebanov and Nitin Madnani and Diane Napolitano and Maxwell Schwartz and Patrick Houghton and Hillary Molloy},
    title = {Writing Mentor: Writing Progress Using Self-Regulated Writing Support},
    journal = {Journal of Writing Analytics},
    volume = {2},
    pages = {280--284}
    url = {https://journals.colostate.edu/analytics/article/view/213},
}
