@article{madnani_pp,
Author = {Nitin Madnani},
Journal = {The Python Papers},
Title = {{Querying and Serving N-gram Language Models with Python}},
Volume = {4},
Number = {2},
Year = {2009}}

