@article{madnani_pp_source_code,
Author = {Nitin Madnani},
Journal = {The Python Papers Source Codes},
Title = {{Source Code: Querying and Serving N-gram Language Models with Python}},
Volume = {1},
Year = {2009}}

