@phdthesis{madnani:2010,
author = {Nitin Madnani},
title = {{The Circle of Meaning: From Translation to Paraphrasing and Back}},
school = {Department of Computer Science, University of Maryland College Park},
year = {2010}}
