@article{
 author = {Nitin Madnani and Bonnie J. Dorr},
 title = {Generating Phrasal and Sentential Paraphrases: A Survey of Data-driven Methods},
 journal = {Computational Linguistics},
 volume = 36,
 issue = 3,
 year = {2010},
}

