@article{
 author = {Nitin Madnani and Bonnie J. Dorr},
 title = {Generating Targeted Paraphrases for Improved Translation},
 journal = {ACM Transactions on Intelligent Systems and Technology},
 volume = 4,
 issue = 3,
 year = {2013},
}

