@InProceedings{snover-madnani-terp2008,
  author    = {Matt Snover and Nitin Madnani and Bonnie Dorr and Richard Schwartz},
  title     = {TERp: A System Description},
  booktitle = {Proceedings of the First NIST Metrics for Machine Translation Challenge (MetricsMATR)},
  month     = {October},
  year      = {2008},
  address   = {Waikiki, Hawaii},
}


