@InProceedings{madnani-tetreault-mtmetrics-2012,
  author    = {Nitin Madnani and Joel Tetreault and Martin Chodorow},
  title     = {{Re-examining Machine Translation Metrics for Paraphrase Identification}},
  booktitle = {Proceedings of the 12th NAACL-HLT Conference},
  month     = {June},
  year      = {2012},
  address   = {Montreal, Canada},
}


