@inproceedings{Klebanov:2019,
 author = {Klebanov, Beata Beigman and Loukina, Anastassia and Madnani, Nitin and Sabatini, John and Lentini, Jennifer},
 title = {Would You?: Could You? On a Tablet? Analytics of Children's eBook Reading},
 booktitle = {Proceedings of the 9th International ACM Conference on Learning Analytics \& Knowledge (LAK)},
 year = {2019},
 pages = {106--110},
 numpages = {5},
 url = {http://doi.acm.org/10.1145/3303772.3303833},
 doi = {10.1145/3303772.3303833},
 publisher = {ACM},
} 
