@InProceedings{madnani-boyd-graber-resnik-mturk-2010,
  author    = {Nitin Madnani and Jordan Boyd-Graber and Philip Resnik},
  title     = {Measuring Transitivity using Untrained Annotators},
  booktitle = {Proceedings of the Workshop on Creating Speech and Language Data With Amazonâ€™s Mechanical Turk at the 11th Annual HLT/NAACL Conference},
  month     = {June},
  year      = {2010},
  address   = {Los Angeles, USA},
}


