@InProceedings{madnani-tetreault-chodorow-2011,
  author    = {Nitin Madnani and Joel Tetreault and Martin Chodorow and Alla Rozovskaya},
  title     = {{They Can Help: Using Crowdsourcing to Improve the Evaluation of Grammatical Error Detection Systems}},
  booktitle = {Proceedings of the 49th Annual ACL Conference (Short Papers)},
  month     = {June},
  year      = {2011},
  address   = {Portland, USA},
}


