@inproceedings{madnaninsf:2008,
author = {Nitin Madnani and Philip Resnik and Bonnie J. Dorr and Richard Schwartz},
title = {{Applying Automatically Generated Semantic Knowledge: {A} Case Study in Machine Translation}},
booktitle = {Proceedings of the {NSF} {S}ymposium on {S}emantic {K}nowledge {D}iscovery, {O}rganization and {U}se},
address = {New York},
year = {2008},
}

