@inproceedings{
 author = {Lili Kotlerman, Nitin Madnani and Aoife Cahill},
 title = {ParaQuery: Making Sense of Paraphrase Collections},
 booktitle = {Proceedings of ACL},
 month = {August},
 year = {2013},
}

