@InProceedings{madnanipycon2010,
  author    = {Nitin Madnani and Jimmy Lin},
  title     = {The Python and The Elephant: Large Scale Natural Language Processing with NLTK and Dumbo},
  booktitle = {Proceedings of the Eighth Python Conference},
  month     = {February},
  year      = {2010},
  address   = {Atlanta},
}


