@InProceedings{loukina-madnani-etal-rt-2018,
  author    = {Anastassia Loukina, Nitin Madnani, Beata Beigman Klebanov, Abhinav Misra, Georgi Angelov, and Ognjen Todic}
  title     = {{Evaluating On-device ASR on Field Recordings from an Interactive Reading Companion}},
  booktitle = {Proceedings of the IEEE Workshop on Spoken Language Technology (SLT)},
  month     = {December},
  year      = {2018}
}


