@inproceedings{Klebanov:2020,
    author = {Klebanov, Beata Beigman and Loukina, Anastassia and Lockwood, John and Liceralde, Van Rynald T. and Sabatini, John and Madnani, Nitin and Gyawali, Binod and Wang, Zuowei and Lentini, Jennifer}, 
    title = {Detecting Learning in Noisy Data: The Case of Oral Reading Fluency}, 
    booktitle = {Proceedings of the Tenth International Conference on Learning Analytics & Knowledge}, 
    year = {2020}, 
    pages = {490â€“495}, 
    numpages = {6}, 
    url = {https://doi.org/10.1145/3375462.3375490}, 
    doi = {10.1145/3375462.3375490}, 
    publisher = {Association for Computing Machinery}, 
}
