@article{Madnani2016,
  doi = {10.21105/joss.00033},
  url = {http://dx.doi.org/10.21105/joss.00033},
  year  = {2016},
  month = {jul},
  publisher = {The Open Journal},
  volume = {1},
  number = {3},
  author = {Nitin Madnani and Anastassia Loukina},
  title = {{RSMTool}: a collection of tools building and evaluating automated scoring models},
  journal = {{JOSS}}
}
