@InProceedings{heilman-madnani-semeval-2012,
  author    = {Michael Heilman and Nitin Madnani},
  title     = {{Discriminative Edit Models for Paraphrase Scoring}},
  booktitle = {Proceedings of the 6th International Workshop on Semantic Evaluation (SemEval)},
  month     = {June},
  year      = {2012},
  address   = {Montr√©al, Canada},
}
