@InProceedings{madnani-heilman-shell-2012,
  author    = {Nitin Madnani and Michael Heilman and Joel Tetreault and Martin Chodorow},
  title     = {{Identifying High Level Organizational Elements in Argumentative Discourse}},
  booktitle = {Proceedings of the 12th NAACL-HLT Conference},
  month     = {June},
  year      = {2012},
  address   = {Montreal, Canada},
}


