@article{
 author = {Beata Beigman Klebanov, Nitin Madnani and Jill Burstein},
 title = {Using Pivot-based Paraphrasing and Sentiment Profiles to Improve a Subjectivity Lexicon for Essay Data},
 journal = {Transactions of the Association for Computational Linguistics},
 volume = 1,
 issue = {2013},
 pages = {99--110},
 year = {2013},
}

