@article{
 author = {Bonnie J. Dorr and Necip Fazil Ayan and Nizar Habash and Nitin Madnani and Rebecca Hwa},
 title = {Rapid porting of DUSTer to Hindi},
 journal = {ACM Transactions on Asian Language Information Processing (TALIP)},
 volume = {2},
 number = {2},
 year = {2003},
 issn = {1530-0226},
 pages = {118--123},
 publisher = {ACM Press},
 address = {New York, NY, USA},
}

