@TECHREPORT{ETS-RR-TRENDS,
  AUTHOR =        {Michael Heilman and Nitin Madnani},
  TITLE =         {{Topical Trends in a Corpus of Persuasive Writing}},
  NUMBER =        {ETS-RR-12-19},
  INSTITUTION =   {Educational Testing Service},
  ADDRESS =       {Princeton, New Jersey},
  MONTH =         {October},
  YEAR  =         {2012}
}

