@inproceedings{madnaniTrec07,
  author    = {Nitin Madnani and
               Jimmy J. Lin and
               Bonnie J. Dorr},
  title     = {TREC 2007 ciQA Task: University of Maryland},
  booktitle = {TREC},
  year      = {2007}
}

