@INPROCEEDINGS{UMDTAC2008,
   author = "Saif Mohammad, Bonnie J. Dorr, Melissa Egan, Nitin Madnani, David Zajic, and Jimmy Lin",
   title = "Multiple Alternative Sentence Compressions and Word-Pair Antonymy for Automatic Text Summarization and Recognizing Textual Entailment",
   booktitle = "Text Analysis Conference (TAC)",
   year = 2008,
   address = "Gaithersburg",
}

