@inproceedings{SnoverMadnani:2009,
author={Matthew Snover, Nitin Madnani, Bonnie Dorr, and Richard Schwartz},
title ={Fluency, Adequacy, or HTER?  Exploring Different Human Judgments with a Tunable MT Metric},
booktitle={Proceedings of the Fourth Workshop on Statistical Machine Translation at the 12th Meeting of the European Chapter of the Association for Computational Linguistics (EACL-2009)},
month={March},
year={2009},
address={Athens, Greece}}
