@InProceedings{madnaniwmt07,
  author    = {Nitin Madnani and Necip Fazil Ayan and Philip Resnik and Bonnie J. Dorr},
  title     = {Using Paraphrases for Parameter Tuning in Statistical Machine Translation},
  booktitle = {Proceedings of the Workshop on Statistical Machine Translation},
  month     = {June},
  year      = {2007},
  address   = {Prague, Czech Republic},
  publisher = {Association for Computational Linguistics},
}


