@inproceedings{SnoverMadnani:2009,
author={Kristen Parton, Joel Tetreault, Nitin Madnani and Martin Chodorow},
title ={E-Rating Machine Translation},
booktitle={Proceedings of the Sixth Workshop on Statistical Machine Translation (WMT11)},
month={July},
year={2011},
address={Edinburgh}}
